<?xml version="1.0" encoding="UTF-8"?><collection xmlns="http://www.loc.gov/MARC21/slim"><record><leader>00614nam--2200181-i-4500</leader><controlfield tag="001">000011064</controlfield><controlfield tag="002">20161230</controlfield><controlfield tag="005">20161230201029</controlfield><controlfield tag="008">060222s1000------------r-----000-0-eng-d</controlfield><datafield ind1=" " ind2=" " tag="040"><subfield code="a">IFIN-HH</subfield></datafield><datafield ind1=" " ind2=" " tag="080"><subfield code="a">621.38(038)=005=20=590=30=40=82:801.323.9</subfield></datafield><datafield ind1="1" ind2=" " tag="100"><subfield code="a">Teodoru, Pompei Traian</subfield></datafield><datafield ind1="1" ind2="0" tag="245"><subfield code="a">Dictionar poliglot de electrotehnica, electronica si telecomunicatii</subfield><subfield code="b">Coordonator: prof.dr.ing. edmond nicolau</subfield><subfield code="c">Pompei traian teodoru, alexandru andreescu</subfield></datafield><datafield ind1=" " ind2=" " tag="260"><subfield code="a">Bucuresti</subfield><subfield code="b">Editura Tehnica</subfield><subfield code="c">1972</subfield></datafield><datafield ind1=" " ind2=" " tag="300"><subfield code="a">806 P</subfield></datafield><datafield ind1="1" ind2=" " tag="700"><subfield code="a">Andreescu, Alexandru</subfield></datafield><datafield ind1=" " ind2=" " tag="852"><subfield code="a">D.481</subfield><subfield code="c">SLG</subfield></datafield><datafield ind1=" " ind2=" " tag="CAT"><subfield code="a">Sys</subfield><subfield code="c">20130211</subfield><subfield code="h">170419</subfield></datafield></record></collection>